@misc{RASPPI,
note = {letzter Zugriff am 20.04.2022},
author = {{The Raspberry Pi Foundation Group}},
title = {{raspberrypi documentation}},
url = {https://www.raspberrypi.com/documentation},
year = {2022}
}

@misc{RaSPPIInternetZugriff,
title = {{Zugriff auf einen Raspberry Pi aus dem Internet}},
url = {https://buyzero.de/blogs/news/zugriff-auf-den-eigenen-raspberry-pi-aus-dem-internet},
}

@misc{MQTT,
title = {{Was ist MQTT}},
url = {https://www.opc-router.de/was-ist-mqtt/},
}

@misc{Generics,
title = {{Was sind generische Klassen}},
url = {https://docs.microsoft.com/en-us/dotnet/csharp/programming-guide/generics/generic-classes},
}

@misc{.NetFramework,
title = {{Was ist .Net Framework}},
url = {https://www.giga.de/downloads/windows-10/specials/was-ist-net-framework-einfach-erklaert/},
}

@misc{.NetFrameworkvsCore,
title = {{Unterschiede von .NetFramework und .NetCore}},
url = {https://chudovo.de/difference-between-net-core-and-net-framework/},
}

 @misc{KeywordPartial,
title = {{Was sind Partial Klassen und Methoden}},
url = {https://docs.microsoft.com/en-us/dotnet/csharp/programming-guide/classes-and-structs/partial-classes-and-methods#:~:text=The%5Cpartial%5Ckeyword%5Cindicates%5Cthat,%5CC%5Cprivate%5C%2C%5C%20and%5C%20so%5C%20on},
}

 @misc{Database,
title = {{Was ist eine Datenbank}},
url = {https://www.oracle.com/at/database/what-is-database/},
}

 @misc{Scrum,
title = {{Was ist Scrum}},
url = {https://www.factro.de/blog/projektmanagement-methoden/#scrum},
}

 @misc{.Net6,
title = {{Erneuerung in DotNet 6}},
url = {https://docs.microsoft.com/de-de/dotnet/core/whats-new/dotnet-6},
}

 @misc{Async,
title = {{Asynchrone Programmierung in C\#}},
url = {https://docs.microsoft.com/en-us/dotnet/csharp/programming-guide/concepts/async/},
}

